@online{wikipedia2021uav,
    author = {Wikipedia},
    title = {Unmanned aerial vehicle},
    year = {2021},
    url = {https://en.wikipedia.org/wiki/Unmanned_aerial_vehicle},
    urldate = {2021-04-10}
}

@online{interestingengineering2021uav,
    author = {Kashyap Vyas},
    title = {A Brief History of Drones: The Remote Controlled Unmanned Aerial Vehicles (UAVs)},
    year = {2020},
    url = {https://interestingengineering.com/a-brief-history-of-drones-the-remote-controlled-unmanned-aerial-vehicles-uavs},
    urldate = {2021-04-10}
}

@online{wikipedia2021aircraft,
    author = {Wikipedia},
    title = {Aircraft},
    year = {2021},
    url = {https://en.wikipedia.org/wiki/Aircraft},
    urldate = {2021-04-16}
}

@online{altigator2021drones,
    author = {AltiGator},
    title = {Drone, UAV, UAS, RPA or RPAS...},
    year = {2021},
    url = {https://altigator.com/en/drone-uav-uas-rpa-or-rpas/},
    urldate = {2021-04-16}
}

@online{lerobert2021drone,
    author = {Le Robert},
    title = {Drone},
    year = {2021},
    url = {https://dictionnaire.lerobert.com/definition/drone},
    urldate = {2021-04-16}
}

@online{studiosport2021composantsdrone,
    author = {studioSPORT},
    title = {À la découverte des principaux composants d’un drone},
    year = {2021},
    url = {https://www.studiosport.fr/guides/drones/de-quoi-est-compose-un-drone.html},
    urldate = {2021-04-16}
}

@online{ansys2019autonomousuav,
    author = {Ansys},
    title = {The Challenges to Developing Fully Autonomous Drone Technology},
    year = {2019},
    url = {https://www.ansys.com/blog/challenges-developing-fully-autonomous-drone-technology},
    urldate = {2021-04-16}
}

@online{skyhopper2021autonomousuav,
    author = {SkyHopper},
    title = {The Current Development And Application Of Autonomous UAVS},
    year = {2021},
    url = {https://www.skyhopper.biz/autonomous-uavs/},
    urldate = {2021-04-16}
}

@online{nvidia2021autonomousuav,
    author = {NVIDIA},
    title = {NVIDIA Jetson Solutions For Drones And UAVS},
    year = {2021},
    url = {https://www.nvidia.com/fr-fr/autonomous-machines/},
    urldate = {2021-04-16}
}

@online{sensefly2021drones,
    author = {SenseFly},
    title = {Drones},
    year = {2021},
    url = {https://www.sensefly.com/drones/},
    urldate = {2021-04-16}
}

@online{dji2021autonomousuav,
    author = {DJI},
    title = {DJI Manifold 2 Onboard Supercomputer Transforms Drones Into Autonomous Robots},
    year = {2021},
    url = {https://www.dji.com/lv/newsroom/news/dji-manifold-2-onboard-supercomputer-transforms-drones-into-autonomous-robots},
    urldate = {2021-04-16}
}

@article{foehn2020alphapilot,
    title={Alphapilot: Autonomous drone racing},
    author={Foehn, Philipp and Brescianini, Dario and Kaufmann, Elia and Cieslewski, Titus and Gehrig, Mathias and Muglikar, Manasi and Scaramuzza, Davide},
    journal={arXiv preprint arXiv:2005.12813},
    year={2020}
}

@inproceedings{power2020autonomous,
    title={Autonomous Navigation for Drone Swarms in GPS-Denied Environments Using Structured Learning},
    author={Power, William and Pavlovski, Martin and Saranovic, Daniel and Stojkovic, Ivan and Obradovic, Zoran},
    booktitle={IFIP International Conference on Artificial Intelligence Applications and Innovations},
    pages={219--231},
    year={2020},
    organization={Springer}
}

@article{nemati2015autonomous,
    title={Autonomous navigation of uav through gps-denied indoor environment with obstacles},
    author={Nemati, Alireza and Sarim, Mohammad and Hashemi, Mehdi and Schnipke, Eric and Reidling, Steve and Jeffers, William and Meiring, Jesse and Sampathkumar, Padmapriya and Kumar, Manish},
    journal={AIAA SciTech: Infotech@ Aerospace, paper AIAA},
    volume={715},
    year={2015}
}

@inproceedings{kohlbrecher2011flexible,
    title={A flexible and scalable SLAM system with full 3D motion estimation},
    author={Kohlbrecher, Stefan and Von Stryk, Oskar and Meyer, Johannes and Klingauf, Uwe},
    booktitle={2011 IEEE international symposium on safety, security, and rescue robotics},
    pages={155--160},
    year={2011},
    organization={IEEE}
}

@inproceedings{aguilar2017developing,
    title={Developing of a video-based model for UAV autonomous navigation},
    author={Aguilar, Wilbert G and Salcedo, Vinicio S and Sandoval, David S and Cobe{\~n}a, Bryan},
    booktitle={Latin American Workshop on Computational Neuroscience},
    pages={94--105},
    year={2017},
    organization={Springer}
}

@inproceedings{brockers2014towards,
    title={Towards autonomous navigation of miniature UAV},
    author={Brockers, Roland and Hummenberger, Martin and Weiss, Stephan and Matthies, Larry},
    booktitle={Proceedings of the IEEE Conference on Computer Vision and Pattern Recognition Workshops},
    pages={631--637},
    year={2014}
}

@inproceedings{julier1997new,
    title={New extension of the Kalman filter to nonlinear systems},
    author={Julier, Simon J and Uhlmann, Jeffrey K},
    booktitle={Signal processing, sensor fusion, and target recognition VI},
    volume={3068},
    pages={182--193},
    year={1997},
    organization={International Society for Optics and Photonics}
}

@inproceedings{amer2021deep,
    title={Deep convolutional neural network based autonomous drone navigation},
    author={Amer, Karim and Samy, Mohamed and Shaker, Mahmoud and ElHelw, Mohamed},
    booktitle={Thirteenth International Conference on Machine Vision},
    volume={11605},
    pages={1160503},
    year={2021},
    organization={International Society for Optics and Photonics}
}

@article{simonyan2014very,
    title={Very deep convolutional networks for large-scale image recognition},
    author={Simonyan, Karen and Zisserman, Andrew},
    journal={arXiv preprint arXiv:1409.1556},
    year={2014}
}

@article{lee2021deep,
    title={Deep Learning-based Monocular Obstacle Avoidance for Unmanned Aerial Vehicle Navigation in Tree Plantations},
    author={Lee, HY and Ho, HW and Zhou, Y},
    journal={Journal of Intelligent And Robotic Systems},
    volume={101},
    number={1},
    pages={1--18},
    year={2021},
    publisher={Springer}
}

@article{padhy2018deep,
    title={Deep neural network for autonomous uav navigation in indoor corridor environments},
    author={Padhy, Ram Prasad and Verma, Sachin and Ahmad, Shahzad and Choudhury, Suman Kumar and Sa, Pankaj Kumar},
    journal={Procedia computer science},
    volume={133},
    pages={643--650},
    year={2018},
    publisher={Elsevier}
}

@inproceedings{huang2017densely,
    title={Densely connected convolutional networks},
    author={Huang, Gao and Liu, Zhuang and Van Der Maaten, Laurens and Weinberger, Kilian Q},
    booktitle={Proceedings of the IEEE conference on computer vision and pattern recognition},
    pages={4700--4708},
    year={2017}
}

@inproceedings{gandhi2017learning,
    title={Learning to fly by crashing},
    author={Gandhi, Dhiraj and Pinto, Lerrel and Gupta, Abhinav},
    booktitle={2017 IEEE/RSJ International Conference on Intelligent Robots and Systems (IROS)},
    pages={3948--3955},
    year={2017},
    organization={IEEE}
}

@article{krizhevsky2012imagenet,
    title={Imagenet classification with deep convolutional neural networks},
    author={Krizhevsky, Alex and Sutskever, Ilya and Hinton, Geoffrey E},
    journal={Advances in neural information processing systems},
    volume={25},
    pages={1097--1105},
    year={2012}
}

@inproceedings{kouris2018learning,
    title={Learning to fly by myself: A self-supervised cnn-based approach for autonomous navigation},
    author={Kouris, Alexandros and Bouganis, Christos-Savvas},
    booktitle={2018 IEEE/RSJ International Conference on Intelligent Robots and Systems (IROS)},
    pages={1--9},
    year={2018},
    organization={IEEE}
}

@article{wang2020uav,
    title={UAV environmental perception and autonomous obstacle avoidance: A deep learning and depth camera combined solution},
    author={Wang, Dashuai and Li, Wei and Liu, Xiaoguang and Li, Nan and Zhang, Chunlong},
    journal={Computers and Electronics in Agriculture},
    volume={175},
    pages={105523},
    year={2020},
    publisher={Elsevier}
}

@online{intel2021realsense,
    author = {Intel RealSense},
    title = {Depth Camera D435},
    year = {2021},
    url = {https://www.intelrealsense.com/depth-camera-d435/},
    urldate = {2021-04-17}
}

@article{redmon2018yolov3,
    title={Yolov3: An incremental improvement},
    author={Redmon, Joseph and Farhadi, Ali},
    journal={arXiv preprint arXiv:1804.02767},
    year={2018}
}

@inproceedings{chen2018uavnet,
    title={UAVNet: An efficient obstacel detection model for UAV with autonomous flight},
    author={Chen, Po-Heng and Lee, Chen-Yi},
    booktitle={2018 International Conference on Intelligent Autonomous Systems (ICoIAS)},
    pages={217--220},
    year={2018},
    organization={IEEE}
}

@article{lu2017cultivated,
    title={Cultivated land information extraction in UAV imagery based on deep convolutional neural network and transfer learning},
    author={Lu, Heng and Fu, Xiao and Liu, Chao and Li, Long-guo and He, Yu-xin and Li, Nai-wen},
    journal={Journal of Mountain Science},
    volume={14},
    number={4},
    pages={731--741},
    year={2017},
    publisher={Springer}
}

@article{kucuksubasi2018transfer,
    title={Transfer learning-based crack detection by autonomous UAVs},
    author={Kucuksubasi, Fatih and Sorguc, Arzu},
    journal={arXiv preprint arXiv:1807.11785},
    year={2018}
}

@article{silver2016mastering,
    title={Mastering the game of Go with deep neural networks and tree search},
    author={Silver, David and Huang, Aja and Maddison, Chris J and Guez, Arthur and Sifre, Laurent and Van Den Driessche, George and Schrittwieser, Julian and Antonoglou, Ioannis and Panneershelvam, Veda and Lanctot, Marc and others},
    journal={nature},
    volume={529},
    number={7587},
    pages={484--489},
    year={2016},
    publisher={Nature Publishing Group}
}

@article{shao2019survey,
    title={A survey of deep reinforcement learning in video games},
    author={Shao, Kun and Tang, Zhentao and Zhu, Yuanheng and Li, Nannan and Zhao, Dongbin},
    journal={arXiv preprint arXiv:1912.10944},
    year={2019}
}

@article{kober2013reinforcement,
    title={Reinforcement learning in robotics: A survey},
    author={Kober, Jens and Bagnell, J Andrew and Peters, Jan},
    journal={The International Journal of Robotics Research},
    volume={32},
    number={11},
    pages={1238--1274},
    year={2013},
    publisher={SAGE Publications Sage UK: London, England}
}

@inproceedings{walker2019deep,
    title={A deep reinforcement learning framework for uav navigation in indoor environments},
    author={Walker, Ory and Vanegas, Fernando and Gonzalez, Felipe and Koenig, Sven},
    booktitle={2019 IEEE Aerospace Conference},
    pages={1--14},
    year={2019},
    organization={IEEE}
}

@inproceedings{imanberdiyev2016autonomous,
    title={Autonomous navigation of UAV by using real-time model-based reinforcement learning},
    author={Imanberdiyev, Nursultan and Fu, Changhong and Kayacan, Erdal and Chen, I-Ming},
    booktitle={2016 14th international conference on control, automation, robotics and vision (ICARCV)},
    pages={1--6},
    year={2016},
    organization={IEEE}
}

@article{wang2019autonomous,
    title={Autonomous navigation of UAVs in large-scale complex environments: A deep reinforcement learning approach},
    author={Wang, Chao and Wang, Jian and Shen, Yuan and Zhang, Xudong},
    journal={IEEE Transactions on Vehicular Technology},
    volume={68},
    number={3},
    pages={2124--2136},
    year={2019},
    publisher={IEEE}
}

@article{anwar2020autonomous,
    title={Autonomous navigation via deep reinforcement learning for resource constraint edge nodes using transfer learning},
    author={Anwar, Aqeel and Raychowdhury, Arijit},
    journal={IEEE Access},
    volume={8},
    pages={26549--26560},
    year={2020},
    publisher={IEEE}
}

@article{pham2018autonomous,
    title={Autonomous uav navigation using reinforcement learning},
    author={Pham, Huy X and La, Hung M and Feil-Seifer, David and Nguyen, Luan V},
    journal={arXiv preprint arXiv:1801.05086},
    year={2018}
}

@article{he2020explainable,
    title={Explainable Deep Reinforcement Learning for UAV Autonomous Navigation},
    author={He, Lei and Nabil, Aouf and Song, Bifeng},
    journal={arXiv preprint arXiv:2009.14551},
    year={2020}
}

@inproceedings{guerra2020reinforcement,
    title={Reinforcement Learning for UAV Autonomous Navigation, Mapping and Target Detection},
    author={Guerra, Anna and Guidi, Francesco and Dardari, Davide and Djuric, Petar M},
    booktitle={2020 IEEE/ION Position, Location and Navigation Symposium (PLANS)},
    pages={1004--1013},
    year={2020}
}

@online{gazebo2021website,
    author = {Open Robotics},
    title = {Gazebo},
    year = {2021},
    url = {http://gazebosim.org},
    urldate = {2021-04-10}
}

@online{openrobotics2021website,
    author = {Open Robotics},
    title = {Open Robotics},
    year = {2021},
    url = {https://www.openrobotics.org},
    urldate = {2021-04-10}
}

@online{ros2021website,
    author = {Open Robotics},
    title = {Robot Operating System (ROS)},
    year = {2021},
    url = {https://www.ros.org},
    urldate = {2021-04-10}
}

@online{unrealengine2021website,
    author = {Epic Games},
    title = {Unreal Engine},
    year = {2021},
    url = {https://www.unrealengine.com/en-US/},
    urldate = {2021-04-10}
}

@online{epicgames2021website,
    author = {Epic Games},
    title = {Epic Games},
    year = {2021},
    url = {https://www.epicgames.com/site/fr/home},
    urldate = {2021-04-10}
}

@inproceedings{shah2018airsim,
    title={Airsim: High-fidelity visual and physical simulation for autonomous vehicles},
    author={Shah, Shital and Dey, Debadeepta and Lovett, Chris and Kapoor, Ashish},
    booktitle={Field and service robotics},
    pages={621--635},
    year={2018},
    organization={Springer}
}

@online{wikipedia2021parrotardrone,
    author = {Wikipedia},
    title = {Parrot AR.Drone},
    year = {2021},
    url = {https://en.wikipedia.org/wiki/Parrot_AR.Drone},
    urldate = {2021-04-10}
}

@online{freepng2021parrotardrone,
    author = {Free PNG},
    title = {Parrot AR Drone 2.0},
    year = {2021},
    url = {https://www.freepng.fr/png-i11vr7/},
    urldate = {2021-04-10}
}

@online{grosbill2021parrotardrone,
    author = {Grosbill},
    title = {Parrot AR Drone 2.0 - Elite Edition},
    year = {2021},
    url = {https://www.grosbill.com/4-parrot_parrot_ar_drone_2_0_elite_edition_-619523-loisirs_et_jouets_connectes-robot_espion},
    urldate = {2021-04-10}
}

@online{ryzerobotics2021telloedu,
    author = {Ryze Robotics},
    title = {Tello EDU},
    year = {2021},
    url = {https://www.ryzerobotics.com/tello-edu},
    urldate = {2021-04-10}
}

@online{robotadvance2021telloedu,
    author = {Robot Advance},
    title = {DJI Tello EDU},
    year = {2021},
    url = {https://www.robot-advance.com/art-drone-dji-tello-edu-2610.htm},
    urldate = {2021-04-10}
}

@online{airsim2021simpleflight,
    author = {Microsoft},
    title = {Simple flight},
    year = {2021},
    url = {https://microsoft.github.io/AirSim/simple_flight/},
    urldate = {2021-04-10}
}

@online{ryzerobotics2020telloeduusermanual,
    author = {Ryze Robotics},
    title = {Tello EDU User Manual},
    year = {2021},
    url = {https://dl-cdn.ryzerobotics.com/downloads/Tello/20180404/Tello_User_Manual_V1.2_EN.pdf},
    urldate = {2021-04-10}
}

@article{bryson2007building,
    title={Building a Robust Implementation of Bearing-only Inertial SLAM for a UAV},
    author={Bryson, Mitch and Sukkarieh, Salah},
    journal={Journal of Field Robotics},
    volume={24},
    number={1-2},
    pages={113--143},
    year={2007},
    publisher={Wiley Online Library}
}

@inproceedings{aguilar2017visual,
    title={Visual SLAM with a RGB-D camera on a quadrotor UAV using on-board processing},
    author={Aguilar, Wilbert G and Rodriguez, Guillermo A and Alvarez, Leandro and Sandoval, Sebastian and Quisaguano, Fernando and Limaico, Alex},
    booktitle={International Work-Conference on Artificial Neural Networks},
    pages={596--606},
    year={2017},
    organization={Springer}
}

@online{wikipedia2021occupancygridmapping,
    author = {Wikipedia},
    title = {Occupancy grid mapping},
    year = {2021},
    url = {https://en.wikipedia.org/wiki/Occupancy_grid_mapping},
    urldate = {2021-04-11}
}

@article{hart1968formal,
    title={A formal basis for the heuristic determination of minimum cost paths},
    author={Hart, Peter E and Nilsson, Nils J and Raphael, Bertram},
    journal={IEEE transactions on Systems Science and Cybernetics},
    volume={4},
    number={2},
    pages={100--107},
    year={1968},
    publisher={IEEE}
}

@online{wikipedia2021bilateralfilter,
    author = {Wikipedia},
    title = {Bilateral filter},
    year = {2021},
    url = {https://en.wikipedia.org/wiki/Bilateral_filter},
    urldate = {2021-04-18}
}

@article{canny1986computational,
    title={A computational approach to edge detection},
    author={Canny, John},
    journal={IEEE Transactions on pattern analysis and machine intelligence},
    number={6},
    pages={679--698},
    year={1986},
    publisher={Ieee}
}

@online{github2019vanishingpointdetection,
    author = {SZanlongo},
    title = {vanishing-point-detection},
    year = {2019},
    url = {https://github.com/SZanlongo/vanishing-point-detection},
    urldate = {2021-04-18}
}

@inproceedings{chaudhury2014auto,
    title={Auto-rectification of user photos},
    author={Chaudhury, Krishnendu and DiVerdi, Stephen and Ioffe, Sergey},
    booktitle={2014 IEEE International Conference on Image Processing (ICIP)},
    pages={3479--3483},
    year={2014},
    organization={IEEE}
}

@online{github2020automatedrectification,
    author = {chsasank},
    title = {Automated Rectification of Image},
    year = {2020},
    url = {https://github.com/chsasank/Image-Rectification},
    urldate = {2021-04-18}
}

@inproceedings{chang2018deepvp,
    title={DeepVP: Deep learning for vanishing point detection on 1 million street view images},
    author={Chang, Chin-Kai and Zhao, Jiaping and Itti, Laurent},
    booktitle={2018 IEEE International Conference on Robotics and Automation (ICRA)},
    pages={4496--4503},
    year={2018},
    organization={IEEE}
}

@article{kingma2014adam,
    title={Adam: A method for stochastic optimization},
    author={Kingma, Diederik P and Ba, Jimmy},
    journal={arXiv preprint arXiv:1412.6980},
    year={2014}
}

@inproceedings{zhang2015localization,
    title={Localization and navigation using QR code for mobile robot in indoor environment},
    author={Zhang, Huijuan and Zhang, Chengning and Yang, Wei and Chen, Chin-Yin},
    booktitle={2015 IEEE International Conference on Robotics and Biomimetics (ROBIO)},
    pages={2501--2506},
    year={2015},
    organization={IEEE}
}

@inproceedings{fu2016autonomous,
    title={Autonomous landing of a quadrotor on an UGV},
    author={Fu, Mengyin and Zhang, Kuan and Yi, Yang and Shi, Chao},
    booktitle={2016 IEEE International Conference on Mechatronics and Automation},
    pages={988--993},
    year={2016},
    organization={IEEE}
}

@online{wikipedia2021qrcode,
    author = {Wikipedia},
    title = {QR code},
    year = {2021},
    url = {https://en.wikipedia.org/wiki/QR_code},
    urldate = {2021-04-19}
}

@article{garrido2014automatic,
    title={Automatic generation and detection of highly reliable fiducial markers under occlusion},
    author={Garrido-Jurado, Sergio and Munoz-Salinas, Rafael and Madrid-Cuevas, Francisco Jose and Marin-Jimenez, Manuel Jesus},
    journal={Pattern Recognition},
    volume={47},
    number={6},
    pages={2280--2292},
    year={2014},
    publisher={Elsevier}
}

@online{opencv2021aruco,
    author = {OpenCV},
    title = {Detection of ArUco Markers},
    year = {2021},
    url = {https://docs.opencv.org/master/d5/dae/tutorial_aruco_detection.html},
    urldate = {2021-04-19}
}

@article{ranftl2019towards,
    title={Towards robust monocular depth estimation: Mixing datasets for zero-shot cross-dataset transfer},
    author={Ranftl, Rene and Lasinger, Katrin and Hafner, David and Schindler, Konrad and Koltun, Vladlen},
    journal={arXiv preprint arXiv:1907.01341},
    year={2019}
}

@online{pytorch2021midas,
    author = {PyTorch},
    title = {MiDaS},
    year = {2021},
    url = {https://pytorch.org/hub/intelisl_midas_v2/},
    urldate = {2021-04-20}
}

@article{floreano2015science,
    title={Science, technology and the future of small autonomous drones},
    author={Floreano, Dario and Wood, Robert J},
    journal={Nature},
    volume={521},
    number={7553},
    pages={460--466},
    year={2015},
    publisher={Nature Publishing Group}
}

@online{percepto2021future,
    author = {Percepto},
    title = {2021: The Future of Autonomous Drone Flight is Already Here},
    year = {2021},
    url = {https://percepto.co/2021-future-of-autonomous-drone-flight/},
    urldate = {2021-04-13}
}

@online{edronic2021battery,
    author = {Edronic},
    title = {Edronic},
    year = {2021},
    url = {http://www.edronic.com/},
    urldate = {2021-04-13}
}

@article{rohan2018development,
    title={Development of intelligent drone battery charging system based on wireless power transmission using hill climbing algorithm},
    author={Rohan, Ali and Rabah, Mohammed and Talha, Muhammad and Kim, Sung-Ho},
    journal={Applied System Innovation},
    volume={1},
    number={4},
    pages={44},
    year={2018},
    publisher={Multidisciplinary Digital Publishing Institute}
}

@article{campion2018uav,
    title={UAV swarm communication and control architectures: a review},
    author={Campion, Mitch and Ranganathan, Prakash and Faruque, Saleh},
    journal={Journal of Unmanned Vehicle Systems},
    volume={7},
    number={2},
    pages={93--106},
    year={2018},
    publisher={NRC Research Press}
}

@article{zeng2017energy,
    title={Energy-efficient UAV communication with trajectory optimization},
    author={Zeng, Yong and Zhang, Rui},
    journal={IEEE Transactions on Wireless Communications},
    volume={16},
    number={6},
    pages={3747--3760},
    year={2017},
    publisher={IEEE}
}

@online{easa2021website,
    author = {European Union Aviation Safety Agency},
    title = {European Union Aviation Safety Agency},
    year = {2021},
    url = {https://www.easa.europa.eu/},
    urldate = {2021-04-13}
}

@online{assurancedronebe2021website,
    author = {Assurance Drone},
    title = {L'essentiel sur la législation drone en Belgique},
    year = {2021},
    url = {https://www.assurance-drone.be/legislation-drone/},
    urldate = {2021-04-13}
}

@online{easa2021autonomousuav,
    author = {European Union Aviation Safety Agency},
    title = {What is the difference between autonomous and automatic drone?},
    year = {2021},
    url = {https://www.easa.europa.eu/faq/116449},
    urldate = {2021-04-13}
}

@online{humanitas2021website,
    author = {Humanitas},
    title = {Humanitas - Technologie innovante pour les réponses d'urgence},
    year = {2021},
    url = {https://www.fr.humanitas.io/},
    urldate = {2021-04-24}
}

@inproceedings{redmon2016you,
    title={You only look once: Unified, real-time object detection},
    author={Redmon, Joseph and Divvala, Santosh and Girshick, Ross and Farhadi, Ali},
    booktitle={Proceedings of the IEEE conference on computer vision and pattern recognition},
    pages={779--788},
    year={2016}
}

@article{hossin2015review,
    title={A review on evaluation metrics for data classification evaluations},
    author={Hossin, Mohammad and Sulaiman, MN},
    journal={International Journal of Data Mining And Knowledge Management Process},
    volume={5},
    number={2},
    pages={1},
    year={2015},
    publisher={Academy And Industry Research Collaboration Center (AIRCC)}
}

@online{github2020midasdepth,
    author = {intel-isl},
    title = {What does the predicted depth signify?},
    year = {2020},
    url = {https://github.com/intel-isl/MiDaS/issues/42},
    urldate = {2021-04-26}
}

@online{pyimagesearch2015calibration,
    author = {Adrian Rosebrock},
    title = {Find distance from camera to object/marker using Python and OpenCV},
    year = {2015},
    url = {https://www.pyimagesearch.com/2015/01/19/find-distance-camera-objectmarker-using-python-opencv/},
    urldate = {2021-04-27}
}

@online{medium2017astar,
    author = {Nicholas Swift},
    title = {Easy A star Pathfinding},
    year = {2017},
    url = {https://medium.com/@nicholas.w.swift/easy-a-star-pathfinding-7e6689c7f7b2},
    urldate = {2021-05-28}
}

@article{kiryati1991probabilistic,
    title={A probabilistic Hough transform},
    author={Kiryati, Nahum and Eldar, Yuval and Bruckstein, Alfred M},
    journal={Pattern recognition},
    volume={24},
    number={4},
    pages={303--316},
    year={1991},
    publisher={Elsevier}
}

@book{goodfellow2016deep,
    title={Deep learning},
    author={Goodfellow, Ian and Bengio, Yoshua and Courville, Aaron and Bengio, Yoshua},
    volume={1},
    number={2},
    year={2016},
    publisher={MIT press Cambridge}
}
